<record xmlns="http://www.loc.gov/MARC21/slim" xmlns:xsi="http://www.w3.org/2001/XMLSchema-instance" xsi:schemaLocation="http://www.loc.gov/MARC21/slim http://www.loc.gov/standards/marcxml/schema/MARC21slim.xsd">

  <leader>00740nam a2200181Ia 4500</leader>
  <datafield ind2=" " tag="999" ind1=" ">
    <subfield code="c">1391</subfield>
    <subfield code="d">1391</subfield>
  </datafield>
  <controlfield tag="008">170130b2012    CR ||||| |||| 00| | spa d</controlfield>
  <datafield ind1=" " tag="090" ind2=" ">
    <subfield code="a">06.01.01 </subfield>
    <subfield code="b">1548</subfield>
  </datafield>
  <datafield ind1="1" ind2=" " tag="100">
    <subfield code="a">Cordero Cordero, Teresita </subfield>
    <subfield code="9">715</subfield>
  </datafield>
  <datafield ind1="1" tag="245" ind2="4">
    <subfield code="a">III curso la dimensión afectiva en el enfoque histórico cultural: el aporte de Vygostki y las elaboraciones contemporáneas / </subfield>
    <subfield code="c">Teresita cordero Cordero, Julieta Castro Bonilla</subfield>
  </datafield>
  <datafield tag="260" ind2=" " ind1=" ">
    <subfield code="a">[San José, Costa Rica] : </subfield>
    <subfield code="b">INIE, </subfield>
    <subfield code="c">2012</subfield>
  </datafield>
  <datafield tag="300" ind2=" " ind1=" ">
    <subfield code="a">31 hojas</subfield>
  </datafield>
  <datafield ind2=" " tag="500" ind1=" ">
    <subfield code="a">Informe final proyecto de Acción Social ED-2242</subfield>
  </datafield>
  <datafield ind2="4" tag="600" ind1="1">
    <subfield code="9">906</subfield>
    <subfield code="a">VYGOTSKY, LEV SEMIONOVICH </subfield>
  </datafield>
  <datafield ind2="4" tag="650" ind1="1">
    <subfield code="a">PSICOLOGÍA DE LA EDUCACIÓN</subfield>
    <subfield code="9">625</subfield>
  </datafield>
  <datafield tag="650" ind2="4" ind1="1">
    <subfield code="a">CURSOS DE CAPACITACIÓN</subfield>
    <subfield code="9">1470</subfield>
  </datafield>
  <datafield ind1="1" tag="700" ind2=" ">
    <subfield code="a">Castro Bonilla, Julieta</subfield>
    <subfield code="9">1082</subfield>
  </datafield>
  <datafield tag="942" ind2=" " ind1=" ">
    <subfield code="2">z</subfield>
    <subfield code="c">04</subfield>
  </datafield>
</record>